
@mastersthesis{0,
  author =  "Efrain Lopez Damian",
  year =    "2006",
  title =   "Grasping planning for object manipulation by an autonomous robot",
  school = "Doctorat de lInstitut National Des Sciences Appliquees de Toulouse, France"
}

@conference{1,
  author =  "Sylvain Calinon, Florent Guenter and Aude Billard",
  year =    "",
  title =   "On Learning, Representing and Generalizing a task in a Humanoid Robot",
  booktitle = "IEEE TRANSACTIONS ON SYSTEMS, MAN AND CYBERNETICS, PART B"
}

@conference{2,
  author =  "Javier Romero, Thomas Feix, Hedvig Kjellstrom, Danica Kragic",
  year =    "2010",
  title =   "Spatio-Temporal modeling of grasping actions",
  booktitle = "IEEE/RSJ international conference on intelligente robots and system"
}

@mastersthesis{3,
  author =  "Matei Ciocarlie, Corey Goldfeder, Peter Allen",
  year =    "",
  title =   "Dimensionality reduction for hand-independent dexterous robotic grasping",
  school = "Department of Computer Science, Columbia University, NY 10027, USA"
}

@conference{4,
  author =  "Salvador Cobos, Manuel Ferre, Rafael Aracil",
  year =    "2010",
  month = "October",
  title =   "Simplified Human Hand Models based on Grasping Analysis",
  booktitle = "IEEE/RSJ international conference on intelligente robots and system",
  address = "Taipei, Taiwan"
}

@conference{5,
  author =  "Diego R.Faria, Ricardo Martins, Jorde Dias",
  year =    "2010",
  month = "",
  title =   "Learning motion patterns from multiple observation along the action phases of manipulative tasks",
  booktitle = "IEEE/RSJ international conference on intelligent robots and System",
  address = ""
}


@conference{6,
  author =  "Koichi Ogawara, Yasufumi Tanabe, Ryo Kurazume, Tsutomu Hasegawa",
  year =    "2009",
  month = "May",
  title =   "Detecting Repeated Motion Patterns via Dynamic Programming using Motion Density",
  booktitle = "IEEE International Conference on Robotics and Automation",
  address = "Kobe, Japan"
}

@conference{7,
  author =  "John Lavery, Ben Kent, Erik D. Engeberg",
  year =    "2011",
  month = "December",
  title =   "Bioinspired Grasp Primitives for a Dexterous Robotic Hand to Catch and Lift a Cylinder",
  booktitle = "IEEE International Conference on Robotics and Biomimetics",
  address = "Phuket, Thailand"
}


@conference{8,
  author =  "Nareen Karnati, Ben Kent, Erik D. Engeberg",
  year =    "2011",
  month = "December",
  title =   "Backdrivable Periodic Finger Joint Synergies: Human Observations Applied to a Dexterous Robotic Hand",
  booktitle = "IEEE International Conference on Robotics and Biomimetics",
  address = "Phuket, Thailand"
}

@article{9,
  author =  " ",
  year =    "",
  month = "",
  title =   "Barrett Technology",
  journal = "www.barrett.com",
  volume = "",
  pages = ""
}


@article{10,
  author =  "S. Jacobsen, J. Wood, D. Knutti, and K. Biggers",
  year =    "1984",
  month = "",
  title =   "The utah/m.i.t. dextrous hand: work in progress",
  journal = "International journal of robotics research",
  volume = "3",
  pages = "21-50"
}


@conference{11,
  author =  "C. S. Lovchik, M. A. Diftler",
  year =    "1999",
  month = "May",
  title =   "The Robonaut Hand: A Dexterous Robot Hand For Space",
  booktitle = "Proceedings of the 1999 IEEE, International Conference on Robotics \& Automation",
  address = "Detroit, Michigan"
}

@conference{12,
  author =  "H. Kawasaki, T. Komatsu, and K. Uchiyama",
  year =    "2002",
  month = "",
  title =   "Dexterous anthropomorphic robot hand with distributed tactile sensor: gifu hand II",
  booktitle = "IEEE Transactions on Mechatronics",
  volume = "7",
  pages = "296-303"
}



@article{13,
  author =  " ",
  year =    "",
  month = "",
  title =   "Shadow Robot Company",
  journal = "www.shadowrobot.com",
  volume = "",
  pages = ""
}


@book{extra1,
  author =  "Griffiths, H. E",
  year =    "1943",
  title =   "Treatment of the Injured Workman",
  address = "Lancet, i, 729"
}

@conference{extra2,
  author =  "Mark R. Cutkosky",
  year =    "1989",
  month = "June",
  title =   "On Grasp Choise, Grasp Models, and the Design of Hands for Manufacturing Tasks",
  booktitle = "IEEE Transactions on Robotics and Automation",
  address = "",
  volume = "5"
}

@book{extra3,
  author =  "J . R Napier",
  year =    "1956",
  title =   "The prehensile movements of the human hand",
  school = "Royal Free Hospital School of Medicine",
  address = "London, England"
}



@article{14,
  author =  " ",
  year =    "",
  month = "",
  title =   "Copyright (C) 2007 by noDNA GmbH",
  journal = "X-IST DataGlove, X-IST DataGlove Wireless, Users Manual",
  volume = "",
  pages = ""
}



@article{15,
  author =  " ",
  year =    "",
  month = "",
  title =   "MySQL",
  journal = "www.mysql.com",
  volume = "",
  pages = ""
}


@article{16,
  author =  "Andrew T. Miller, Peter K.Allen",
  year =    "2004",
  month = "",
  title =   "Graspit! A versatile simulator for  robotic grasping",
  journal = "Robotics Automation Magazine IEEE",
  volume = "11",
  pages = "110-122"
}


@article{17,
  author =  "Rosen Diankov ",
  year =    "2006-2011",
  month = "",
  title =   "Open Robotics Automation Virtual Environment",
  journal = "OpenRave",
  volume = "http://openrave.programmingvision.com",
  pages = ""
}






